<!DOCTYPE html>
<html lang="en-US">
    <head>
        <meta charset="utf-8">
        <meta http-equiv="X-UA-Compatible" content="IE=edge">
        <meta name="viewport" content="width=device-width, initial-scale=1.0">
        <meta name="author" content="Martin Thoma" />
        <meta name="copyright" content="Martin Thoma" />
        <link title = "Martin Thoma"
              type  = "application/opensearchdescription+xml"
              rel   = "search"
              href  = "../opensearch.xml">

        <meta property="og:type" content="article" />
        <meta name="twitter:card" content="summary">

<meta name="keywords" content="Money, My bits and bytes, " />

<meta property="og:title" content="Cost of Living "/>
<meta property="og:url" content="cost-of-living-2023/" />
<meta property="og:description" content="We are currently experiencing an inflation. I&#39;m not sure if the price increases for everyday goods are already over, but I&#39;ll make another &#34;snapshot&#34; of what I see. I wrote the first cost of living in 2019. I&#39;m writing this from Germany, close to Munich. Most of the groceries are …" />
<meta property="og:site_name" content="Martin Thoma" />
<meta property="og:article:author" content="Martin Thoma" />
<meta property="og:article:published_time" content="2023-02-11T20:00:00+01:00" />
<meta name="twitter:title" content="Cost of Living ">
<meta name="twitter:description" content="We are currently experiencing an inflation. I&#39;m not sure if the price increases for everyday goods are already over, but I&#39;ll make another &#34;snapshot&#34; of what I see. I wrote the first cost of living in 2019. I&#39;m writing this from Germany, close to Munich. Most of the groceries are …">
<meta property="og:image" content="logos/money.png" />
<meta name="twitter:image" content="logos/money.png" >

        <title>Cost of Living  · Martin Thoma
</title>
        <!-- Latest compiled and minified CSS -->
        <link rel="stylesheet" href="https://maxcdn.bootstrapcdn.com/bootstrap/3.3.7/css/bootstrap.min.css" integrity="sha384-BVYiiSIFeK1dGmJRAkycuHAHRg32OmUcww7on3RYdg4Va+PmSTsz/K68vbdEjh4u" crossorigin="anonymous">
        <link href="//netdna.bootstrapcdn.com/font-awesome/4.0.1/css/font-awesome.css" rel="stylesheet">
        <link rel="stylesheet" type="text/css" href="../theme/css/pygments.css" media="screen">
        <link rel="stylesheet" type="text/css" href="../theme/tipuesearch/tipuesearch.css" media="screen">
        <link rel="stylesheet" type="text/css" href="../theme/css/elegant.css" media="screen">
        <link rel="stylesheet" type="text/css" href="../static/print.css" media="print">
        <link rel="stylesheet" type="text/css" href="../static/custom.css" media="screen">

        <!-- MathJax -->
<script type="text/x-mathjax-config">
<!--
MathJax.Hub.Config({
  jax: ["input/TeX", "output/HTML-CSS"],
  tex2jax: {
    inlineMath: [['$','$'], ['\\(','\\)']],
    displayMath: [ ['$$', '$$'], ['\\[','\\]']],
    skipTags: ['script', 'noscript', 'style', 'textarea', 'pre', 'code'],
    processEscapes: true
  }
});

MathJax.Hub.Queue(function() {
    var all = MathJax.Hub.getAllJax(), i;
    for(i=0; i < all.length; i += 1) {
        all[i].SourceElement().parentNode.className += ' has-jax';
    }
});
// -->
</script>
<script type="text/javascript" async
  src="//cdn.mathjax.org/mathjax/latest/MathJax.js?config=TeX-MML-AM_CHTML">
</script>

        <link href="https://martin-thoma.com/feeds/all.atom.xml" type="application/atom+xml" rel="alternate" title="Martin Thoma - Full Atom Feed" />
        <link href="https://martin-thoma.com/feeds/index.xml" type="application/rss+xml" rel="alternate" title="Martin Thoma - Full RSS Feed" />
    </head>
    <body>
        <div id="content-sans-footer">
        <div class="navbar navbar-static-top navbar-default">
            <div class="container">
                <div class="container-fluid">
                    <div class="collapse navbar-collapse">
                        <ul class="nav pull-left top-menu navbar-nav">
                            <li><a href=".." style="font-family: 'Monaco', 'Inconsolata', 'Andale Mono', 'Lucida Console', 'Bitstream Vera Sans Mono', 'Courier New', Courier, Monospace;
                        font-size: 20px;" class="navbar-brand" tabindex="-1">Martin Thoma</a>
                            </li>
                        </ul>
                        <ul class="nav pull-right top-menu navbar-nav">
                            <li ><a href="..">Home</a></li>
                            <li ><a href="../categories.html">Categories</a></li>
                            <li ><a href="../tags.html">Tags</a></li>
                            <li ><a href="../archives.html">Archives</a></li>
                            <li><a href="../support-me/">Support me</a></li>
                            <li><form class="navbar-form" action="../search.html" onsubmit="return validateForm(this.elements['q'].value);"> <input type="search" class="search-query form-control" placeholder="Search" name="q" id="tipue_search_input"></form></li>
                        </ul>
                    </div>
                </div>
            </div>
        </div>
        <div class="container-fluid">
            <div class="row">
                <div class="col-sm-1 col-md-1"></div>
                <div class="col-sm-10 col-md-10">
<!-- article.html -->
<article>
<div class="row">
    <header class="page-header col-sm-10 col-md-10 col-md-offset-2">
    <h1><a href="../cost-of-living-2023/">Cost of Living</a></h1>
    </header>
</div>

<div class="row">
    <div class="col-sm-2 col-md-2 table-of-content">
        <nav>
        <h4>Contents</h4>
        <div id="toc"><ul><li><a class="toc-href" href="#food" title="Food">Food</a><ul><li><a class="toc-href" href="#vegetables-fruits-and-berries" title="Vegetables, Fruits, and Berries">Vegetables, Fruits, and Berries</a></li><li><a class="toc-href" href="#meat-fish" title="Meat / Fish">Meat / Fish</a></li><li><a class="toc-href" href="#baking" title="Baking">Baking</a></li><li><a class="toc-href" href="#convenience-food" title="Convenience Food">Convenience Food</a></li><li><a class="toc-href" href="#other-food" title="Other Food">Other Food</a></li><li><a class="toc-href" href="#asia" title="Asia">Asia</a></li><li><a class="toc-href" href="#milk-based-food" title="Milk-based Food">Milk-based Food</a></li><li><a class="toc-href" href="#sweets-and-snacks" title="Sweets and Snacks">Sweets and Snacks</a></li><li><a class="toc-href" href="#drinks" title="Drinks">Drinks</a></li></ul></li><li><a class="toc-href" href="#medicine-and-food-supplements_1" title="Medicine and Food Supplements">Medicine and Food Supplements</a></li><li><a class="toc-href" href="#household-items-consumables" title="Household Items - Consumables">Household Items - Consumables</a></li><li><a class="toc-href" href="#household-usage" title="Household - Usage">Household - Usage</a></li><li><a class="toc-href" href="#apartment" title="Apartment">Apartment</a></li><li><a class="toc-href" href="#energy" title="Energy">Energy</a><ul><li><a class="toc-href" href="#electricity" title="Electricity">Electricity</a></li><li><a class="toc-href" href="#heating" title="Heating">Heating</a></li></ul></li><li><a class="toc-href" href="#transportation_1" title="Transportation">Transportation</a></li><li><a class="toc-href" href="#internet" title="Internet">Internet</a></li><li><a class="toc-href" href="#broadcasting-fees" title="Broadcasting Fees">Broadcasting Fees</a></li><li><a class="toc-href" href="#subscriptions" title="Subscriptions">Subscriptions</a></li><li><a class="toc-href" href="#activities" title="Activities">Activities</a></li></ul></div>
        </nav>
    </div>
    <div class="col-sm-8 col-md-8 article-content" id="contentAfterTitle">

            
            <p>We are currently experiencing an inflation. I'm not sure if the price increases
for everyday goods are already over, but I'll make another "snapshot" of what
I see. I wrote the first <a href="https://martin-thoma.com/cost-of-living/">cost of living in 2019</a>.</p>
<p>I'm writing this from Germany, close to Munich. Most of the groceries are from
Aldi, Lidl, or DM.</p>
<p>In order to detect shrinkflation, I'll always add the amount.</p>
<p>This is work in progress.</p>
<p>There are multiple reasons for the price increases:</p>
<ul>
<li>The <a href="https://en.wikipedia.org/wiki/Russo-Ukrainian_War">Russo-Ukrainian War</a>:
  Especially sunflower oil is affected by this, but also energy prices are
  driving everything else up.</li>
<li>Cooperations increasing their margins</li>
</ul>
<h2 id="food">Food</h2>
<table class="table">
<thead>
<tr>
<th>Food</th>
<th>Price in 2023</th>
<th>Base-Price in 2023</th>
<th>Increase since 2019</th>
</tr>
</thead>
<tbody>
<tr>
<td>Sunflower Oil, 1L</td>
<td>2.69 &euro;</td>
<td>2.69 &euro;/L</td>
<td>+172%</td>
</tr>
<tr>
<td>Raps&ouml;l</td>
<td>2.49 &euro;/L</td>
<td>2.49 &euro;/L</td>
<td>+57%</td>
</tr>
<tr>
<td>Extra Native Olive Oil, 750ml</td>
<td>4.99 &euro;</td>
<td>6.65 &euro;/L</td>
<td>+39%</td>
</tr>
<tr>
<td>Wheat Flower Type 405, 1kg (Weizenmehl)</td>
<td>0.79 &euro;</td>
<td>0.79 &euro;/kg</td>
<td>+107%</td>
</tr>
<tr>
<td>Eggs (Eier)</td>
<td>3.29 &euro;/18 pieces oder 1.99 &euro;/10 pieces</td>
<td>1.83 &euro;/10 pieces - 1.99 &euro;/10 pieces</td>
<td>+43%</td>
</tr>
<tr>
<td>Salz</td>
<td>0.29 &euro; / 500g</td>
<td>0.58 &euro; / kg</td>
<td>+53%</td>
</tr>
<tr>
<td>Tiefk&uuml;hl-Kr&auml;uter (Petersilie)</td>
<td>0.85&euro; / 75g</td>
<td>11.33&euro;/kg</td>
<td>-</td>
</tr>
<tr>
<td>Honey, 500g</td>
<td>3.79 &euro;</td>
<td>7.58 &euro;/kg</td>
<td>+97%</td>
</tr>
<tr>
<td>Rice (Jasmin Reis)</td>
<td>2.49 &euro;</td>
<td>2.49 &euro;/kg</td>
<td>+32%</td>
</tr>
<tr>
<td>Spinat-Ricotta Tortelloni</td>
<td>0.99&euro;/250g</td>
<td>2.49 &euro;/kg</td>
<td>3.96&euro;/kg</td>
</tr>
<tr>
<td>Margarine</td>
<td>0.79&euro;/250g - 0.99 &euro;/250g; 1.69&euro;/500g</td>
<td>3.96 &euro;/kg</td>
<td>+164% (actually more, I switched from Letta to Vita D'or)</td>
</tr>
<tr>
<td>Gefl&uuml;gel-Kochschinken</td>
<td>1.69 &euro;/200g</td>
<td>8.45 &euro;/kg</td>
<td>?</td>
</tr>
<tr>
<td>Brotbackmischung</td>
<td>1.39 &euro;/kg</td>
<td>1.39 &euro;/kg</td>
<td>+62%</td>
</tr>
<tr>
<td>"M&uuml;sli" (Nougat/Granola Bits)</td>
<td>2.99 &euro;/750g</td>
<td>3.99 &euro;/kg</td>
<td>+50%</td>
</tr>
<tr>
<td>M&uuml;sli</td>
<td>2.29 &euro;/kg</td>
<td>2.29 &euro;/kg</td>
<td>?</td>
</tr>
<tr>
<td>Erdbeer-Konfit&uuml;re (Marmelade)</td>
<td>1.39&euro;/450g</td>
<td></td>
<td>3.09&euro;/kg</td>
</tr>
</tbody>
</table>
<h3 id="vegetables-fruits-and-berries">Vegetables, Fruits, and Berries</h3>
<table class="table">
<thead>
<tr>
<th>Food</th>
<th>Price in 2023</th>
<th>Base-Price in 2023</th>
<th>Increase since 2019</th>
</tr>
</thead>
<tbody>
<tr>
<td>Salad (🇩🇪 Eisbergsalat)</td>
<td>1.79 &euro;/piece</td>
<td>1.79 &euro;/piece</td>
<td>+265%</td>
</tr>
<tr>
<td>Broccoli, 400g</td>
<td>1.49 &euro;</td>
<td>3.73 &euro;/kg</td>
<td>+116%</td>
</tr>
<tr>
<td>Carrots (🇩🇪 Karotten / M&ouml;hren)</td>
<td>1.69&euro;/kg</td>
<td>1.69&euro;/kg</td>
<td>+90%</td>
</tr>
<tr>
<td>Zucchini</td>
<td>0.48&euro; (in June) - 1.24 &euro;</td>
<td>1.99 &euro;/kg - 3.29 &euro;/kg</td>
<td>+270%</td>
</tr>
<tr>
<td>Pears (🇩🇪 Birnen)</td>
<td>1.39&euro; - 1.49 &euro;</td>
<td>3.73 &euro;/kg</td>
<td>+25%</td>
</tr>
<tr>
<td>Apples (🇩🇪 &Auml;pfel)</td>
<td>1.89 &euro;/2kg - 2.22&euro;/1.5kg</td>
<td>0.95 &euro;/kg - 1.48 &euro;/kg</td>
<td>+7%</td>
</tr>
<tr>
<td>Bananas (🇩🇪 Bananen)</td>
<td>1.29 &euro;/kg - 1.99 &euro;/kg</td>
<td>1.29 &euro;/kg - 1.99 &euro;/kg</td>
<td>-28% to +176%</td>
</tr>
<tr>
<td>Grapes (🇩🇪 Trauben)</td>
<td>1.39&euro;/500g (in June) - 1.99 &euro;/500g</td>
<td>2.90&euro;/kg - 3.98 &euro;/kg</td>
<td>+/ 0</td>
</tr>
<tr>
<td>Strawberries (🇩🇪 Erdbeeren)</td>
<td>1.11 &euro;/500g - 1.19&euro;/500g</td>
<td>2.22 &euro;/kg</td>
<td>- 41%</td>
</tr>
<tr>
<td>Mango</td>
<td>1.00 &euro;/piece - 1.11 &euro;/piece</td>
<td>1.00 &euro;/piece</td>
<td>+1%</td>
</tr>
<tr>
<td>Scharlotten</td>
<td>1.49 &euro;/500g</td>
<td>2.98 &euro;/kg</td>
<td>?</td>
</tr>
<tr>
<td>Dattelcherrytomaten</td>
<td>1.99&euro;/500g (in June) - 2.39 &euro;/500g</td>
<td>4.78 &euro;/kg</td>
<td>-20%</td>
</tr>
<tr>
<td>Gehackte Tomaten in a tin can</td>
<td>0.85 &euro;/400g</td>
<td>2.13 &euro;/kg</td>
<td>+77%</td>
</tr>
<tr>
<td>Corn in a tin can (Mais)</td>
<td>0.99 &euro;/285g</td>
<td>3.47 &euro;/kg</td>
<td>+47%</td>
</tr>
<tr>
<td>Garlic (🇩🇪 Knoblauch-Knollen)</td>
<td>0.89&euro;/200g</td>
<td>4.45&euro;/kg</td>
<td>+/- 0</td>
</tr>
<tr>
<td>Spring onion (🇩🇪 Fr&uuml;hlingszwiebeln / Lauchzwiebeln)</td>
<td>0.34&euro;/piece</td>
<td>0.34&euro;/piece</td>
<td>- 42% (but I have the impression the bundles became smaller)</td>
</tr>
<tr>
<td>Onion (🇩🇪 Zwiebeln)</td>
<td>2.19&euro;/kg</td>
<td>2.19&euro;/kg</td>
<td>-</td>
</tr>
<tr>
<td>Shallot onion (🇩🇪 Scharlotten)</td>
<td>0.79&euro;/250g</td>
<td>3.16&euro;/kg</td>
<td>-</td>
</tr>
<tr>
<td>Potato (🇩🇪 Kartoffeln)</td>
<td>1.99&euro;/2.5kg - 3.39&euro;/2.5kg</td>
<td>0.80&euro;/kg</td>
<td>-</td>
</tr>
<tr>
<td>Broccoli (🇩🇪 Brokkoli)</td>
<td>0.99 &euro; / 400g</td>
<td>2.47&euro;/kg</td>
<td>+44%</td>
</tr>
<tr>
<td>Chili</td>
<td>2.40&euro;/100g</td>
<td>24.00&euro;/kg</td>
<td>+67%</td>
</tr>
<tr>
<td>Chili Flocken</td>
<td>2.29&euro;/45g</td>
<td>50.89&euro;/kg</td>
<td>-</td>
</tr>
<tr>
<td>Pfefferk&ouml;rner</td>
<td>6.59&euro;/165g</td>
<td>39.94 &euro;/kg</td>
<td>-</td>
</tr>
<tr>
<td>Wei&szlig;er Rettich</td>
<td>1.49&euro;/piece</td>
<td>1.49&euro;/piece</td>
<td>?</td>
</tr>
<tr>
<td>Sauerkirschen</td>
<td>1.79&euro;/350g Abtropfgewicht</td>
<td>5.11&euro;/kg Abtropfgewicht</td>
<td>?</td>
</tr>
<tr>
<td>Peppers (Paprika)</td>
<td>3.95 &euro;/kg</td>
<td>3.95 &euro;/kg</td>
<td>?</td>
</tr>
<tr>
<td>Bio Limetten</td>
<td>1.99 &euro;/kg</td>
<td>1.99 &euro;/kg</td>
<td>?</td>
</tr>
<tr>
<td>Zitronen</td>
<td>0.99 &euro;/750g</td>
<td>1.32 &euro;/kg</td>
<td>?</td>
</tr>
<tr>
<td>Gurke</td>
<td>0.19&euro;/St&uuml;ck (im Juni) - 0.95 &euro;/St&uuml;ck</td>
<td>0.95 &euro;/St&uuml;ck</td>
<td>-</td>
</tr>
<tr>
<td>Walnusskerne</td>
<td>2.59 &euro;/200g</td>
<td>12.95 &euro;/kg</td>
<td>-</td>
</tr>
<tr>
<td>Aubergine</td>
<td>1.29&euro;/piece</td>
<td>1.29&euro;/piece</td>
<td>-</td>
</tr>
<tr>
<td>Champignons (Pilze)</td>
<td>1.00 &euro;/250g</td>
<td>4.00 &euro;/kg</td>
<td>-</td>
</tr>
<tr>
<td>Honigmelone</td>
<td>1.99&euro;/piece (in June)</td>
<td>1.99&euro;/piece</td>
<td>-</td>
</tr>
</tbody>
</table>
<h3 id="meat-fish">Meat / Fish</h3>
<table class="table">
<thead>
<tr>
<th>Item</th>
<th>Price in 2023</th>
<th>Base-Price in 2023</th>
<th>Increase since 2019</th>
</tr>
</thead>
<tbody>
<tr>
<td>H&auml;hnchenschnitzel</td>
<td>3.99 &euro;/500g - 4.99&euro;/500g</td>
<td>7.98 &euro;/kg</td>
<td>+19%</td>
</tr>
<tr>
<td>Chicken (H&auml;hnchensteak)</td>
<td>4.89 &euro;/500g</td>
<td>9.78 &euro;/kg</td>
<td>-</td>
</tr>
<tr>
<td>Chicken Cordon Bleu, 500g</td>
<td>4.49 &euro;</td>
<td>8.98 &euro;/kg</td>
<td>+24%</td>
</tr>
<tr>
<td>Chicken Dumstick (H&auml;hnchen Unterkeule), 600g</td>
<td>3.29&euro; - 3.49 &euro;</td>
<td>5.82 &euro;/kg</td>
<td>?</td>
</tr>
<tr>
<td>Chicken Minced Meat, 400g</td>
<td>2.99 &euro;</td>
<td>7.48 &euro;/kg</td>
</tr>
<tr>
<td>Chicken (H&auml;hnchenfl&uuml;gel)</td>
<td>2.79 &euro;/500g</td>
<td>5.58 &euro;/kg</td>
<td>?</td>
</tr>
<tr>
<td>Chicken (H&auml;hnchenbrustfilets)</td>
<td>5.39 &euro;/600g</td>
<td>8.98 &euro;/kg</td>
<td>?</td>
</tr>
<tr>
<td>Chicken (H&auml;hnchen Schnitzel)</td>
<td>2.99&euro;/400g</td>
<td></td>
<td>7.48&euro;/kg</td>
</tr>
<tr>
<td>Rindergulasch</td>
<td>4.99&euro; / 500g</td>
<td></td>
<td>9.98&euro; / kg</td>
</tr>
<tr>
<td>Minced Meat (Rinderhackfleisch)</td>
<td>6.99 &euro;/800g; 4.49&euro;/400g</td>
<td>9.98 &euro;/kg</td>
<td>+38%</td>
</tr>
<tr>
<td>Gefl&uuml;gelbratwurst Bruzzlkracher</td>
<td>3.99 &euro; / 350g</td>
<td>11.40 &euro;/kg</td>
<td>-</td>
</tr>
<tr>
<td>King Prawns (Riesengarnelen)</td>
<td>3.69 &euro;/225g</td>
<td>16.40 &euro;/kg</td>
<td>-18%</td>
</tr>
<tr>
<td>Alaska Seelachs Filet Knusperfilets Ofenfisch / MSC Schlemmerfilet Bordelaise / M&uuml;llerin</td>
<td>3.19 &euro;/400g - 4.69 &euro;/500g</td>
<td>7.98 &euro;/kg - 9.38 &euro;/kg</td>
<td>+60%</td>
</tr>
<tr>
<td>Lachsfilet</td>
<td>4.49 &euro;/250g</td>
<td>17.96 &euro;/kg</td>
<td>-</td>
</tr>
<tr>
<td>Tuna in tin (Thunfisch in der Dose)</td>
<td>1.49 &euro;/150g Abtropfgewicht</td>
<td>9.94 &euro;/kg</td>
<td>+51%</td>
</tr>
</tbody>
</table>
<h3 id="baking">Baking</h3>
<table class="table">
<thead>
<tr>
<th>Item</th>
<th>Price in 2023</th>
<th>Base-price in 2023</th>
</tr>
</thead>
<tbody>
<tr>
<td>Trockenbackhefe</td>
<td>0.75 &euro; / 42g</td>
<td>17.86 &euro;/kg</td>
</tr>
<tr>
<td>Kakao</td>
<td>1.79&euro;/250g</td>
<td>7.16&euro;/kg</td>
</tr>
</tbody>
</table>
<h3 id="convenience-food">Convenience Food</h3>
<p>Stuff you can reasonably make by your own, but might want to buy for convenience.</p>
<table class="table">
<thead>
<tr>
<th>Item</th>
<th>Price in 2023</th>
<th>Base-price in 2023</th>
<th>Increase since 2019</th>
<th>Self-made in 2023</th>
<th>Convenience fee</th>
</tr>
</thead>
<tbody>
<tr>
<td>White Bread</td>
<td>1.19 &euro;/500g</td>
<td>2.38 &euro;/kg</td>
<td>?</td>
<td>1.31 &euro;/kg (<a href="../weissbrot-rezept">Recipe</a>)</td>
<td>+1.07 &euro;/kg (+82%)</td>
</tr>
</tbody>
</table>
<h3 id="other-food">Other Food</h3>
<table class="table">
<thead>
<tr>
<th>Item</th>
<th>Price in 2023</th>
<th>Base-price in 2023</th>
<th>Increase since 2019</th>
</tr>
</thead>
<tbody>
<tr>
<td>White Bread</td>
<td>1.19 &euro;/500g</td>
<td>2.38 &euro;/kg</td>
<td>?</td>
</tr>
<tr>
<td>Burger Br&ouml;tchen</td>
<td>0.89&euro; / 6 small pieces</td>
<td>0.15 &euro;/piece</td>
<td>?</td>
</tr>
<tr>
<td>Gulaschsuppe in a tin can, 400g</td>
<td>1.69 &euro;/400g</td>
<td>4.23 &euro;/kg</td>
<td>-43%</td>
</tr>
<tr>
<td>Pizza dough + tomato sauce</td>
<td>2.29 &euro;</td>
<td>-</td>
<td>+114%</td>
</tr>
<tr>
<td>Pizza</td>
<td>3.69 &euro; / piece</td>
<td>3.69 &euro; / piece</td>
<td>-</td>
</tr>
<tr>
<td>Bl&auml;tterteig</td>
<td>0.99 &euro;/275g</td>
<td>3.60 &euro;/kg</td>
<td>-</td>
</tr>
<tr>
<td>Curly Fries (Pommes)</td>
<td>1.99 &euro; / 750g</td>
<td>2.65 &euro; / kg</td>
<td>?</td>
</tr>
<tr>
<td>Sweet Fries (S&uuml;&szlig;kartoffelpommes)</td>
<td>1.89 &euro; / 500g</td>
<td>3.78 &euro; / kg</td>
<td>+12%</td>
</tr>
<tr>
<td>Tintenfisch-Ringe</td>
<td>3.49&euro;/500g</td>
<td>TODO</td>
<td>-</td>
</tr>
<tr>
<td>Goulash Soup in a tin can, 400g</td>
<td>1.69 &euro;</td>
<td>4.23 &euro;/kg</td>
<td>?</td>
</tr>
<tr>
<td>Pesto, 190g</td>
<td>1.29 &euro;</td>
<td>6.79 &euro;/kg</td>
<td>?</td>
</tr>
<tr>
<td>Knorr Fix / Maggi Gew&uuml;rzmischung</td>
<td>0.39 &euro; / package</td>
<td>0.39 &euro; / package</td>
<td>+39%</td>
</tr>
<tr>
<td>Fried Onion (R&ouml;stzwiebeln)</td>
<td>0.99 &euro; / 150g</td>
<td>6.60 &euro; / kg</td>
<td>+30%</td>
</tr>
<tr>
<td>Buttergem&uuml;&szlig;e</td>
<td>0.79 &euro; / 300g</td>
<td>2.64 &euro; / kg</td>
<td>+39%</td>
</tr>
<tr>
<td>Instant Sweat Tea (Zitronentee)</td>
<td>1.59 &euro;/400g</td>
<td>3.98 &euro;/kg</td>
<td>-</td>
</tr>
<tr>
<td>Salsa Dip</td>
<td>1.19 &euro;/280g</td>
<td>4.25 &euro;/kg</td>
<td>-</td>
</tr>
<tr>
<td>Pfannengericht (Paella / Bami Goreng)</td>
<td>3.49 &euro;/750g</td>
<td>4.65 &euro;/kg</td>
<td>+16%</td>
</tr>
</tbody>
</table>
<h3 id="asia">Asia</h3>
<table class="table">
<thead>
<tr>
<th>Item</th>
<th>Price in 2023</th>
<th>Base-price in 2023</th>
<th>Increase since 2019</th>
</tr>
</thead>
<tbody>
<tr>
<td>ABC Kecap Manis</td>
<td>3.55 &euro;/ 600ml</td>
<td>5.92 &euro;/L</td>
<td>-</td>
</tr>
<tr>
<td>Austernsauce</td>
<td>1.75 &euro;/ 255g</td>
<td>6.86 &euro;/kg</td>
<td>-</td>
</tr>
<tr>
<td>COCON Kokosgel-W&uuml;rfel (Nata de Coco)</td>
<td>3.55 &euro;/ 426g Abtropfgewicht</td>
<td>8.33 &euro;/kg</td>
<td>-</td>
</tr>
<tr>
<td>Tofu</td>
<td>1.45 &euro;/ 400g</td>
<td>3.62 &euro;/kg</td>
<td>-</td>
</tr>
<tr>
<td>Tempee</td>
<td>1.50 &euro;/ 395g</td>
<td>3.80 &euro;/kg</td>
<td>-</td>
</tr>
<tr>
<td>Moichi</td>
<td>2.29 &euro;/ 210g</td>
<td>10.90 &euro;/kg</td>
<td>-</td>
</tr>
<tr>
<td>Sojabohnensprossen (Tauge)</td>
<td>1.49 &euro;/kg</td>
<td>1.49 &euro;/kg</td>
<td>-</td>
</tr>
<tr>
<td>Chili&ouml;l</td>
<td>3.79 &euro;/210g</td>
<td>18.04 &euro;/kg</td>
<td>-</td>
</tr>
<tr>
<td>Noribl&auml;tter f&uuml;r Sushi</td>
<td>2.59/20g</td>
<td>129.50&euro;/kg</td>
<td>-</td>
</tr>
</tbody>
</table>
<h3 id="milk-based-food">Milk-based Food</h3>
<table class="table">
<thead>
<tr>
<th>Item</th>
<th>Price in 2023</th>
<th>Base-price in 2023</th>
<th>Increase since 2019</th>
</tr>
</thead>
<tbody>
<tr>
<td>Milk (1.5% fat, Milch), 1L</td>
<td>0.99&euro;/L - 1.05 /L</td>
<td>1.05 &euro;/L</td>
<td>+62%</td>
</tr>
<tr>
<td>Kondensmilch, 7.5%</td>
<td>0.99&euro;/340g</td>
<td>2.91/kg</td>
<td>-</td>
</tr>
<tr>
<td>Whipped Cream (S&uuml;&szlig;e Sahne /Schlagsahne)</td>
<td>0.99&euro;/200g - 1.09 &euro;/200g</td>
<td>5.45 &euro;/kg</td>
<td>+73%</td>
</tr>
<tr>
<td>Schmand</td>
<td>0.89&euro;/200g</td>
<td>4.45&euro;/kg</td>
<td></td>
</tr>
<tr>
<td>Marscarpone</td>
<td>1.99 &euro; / 250g</td>
<td>1.99 &euro; / 250g</td>
<td>-</td>
</tr>
<tr>
<td>Naturjoghurt 3.5%</td>
<td>0.95&euro;/500g</td>
<td>1.90 &euro;/kg</td>
<td>-</td>
</tr>
<tr>
<td>Joghurt (Pfirsch / Vanille / Erdbeer)</td>
<td>2.29 &euro;/kg</td>
<td>2.29 &euro;/kg</td>
<td>?</td>
</tr>
<tr>
<td>Speisequark (mager)</td>
<td>0.75 &euro;/250g</td>
<td>3.00 &euro;/kg</td>
<td>+39%</td>
</tr>
<tr>
<td>Grana Padua Cheese (K&auml;se), gerieben</td>
<td>2.49 &euro;/150g</td>
<td>16.60 &euro;/kg</td>
<td>-14%</td>
</tr>
<tr>
<td>Mozzarella Cheese (K&auml;se), gerieben</td>
<td>2.59 &euro;/125g</td>
<td>20.72 &euro;/kg</td>
<td>+354%</td>
</tr>
<tr>
<td>Mozzarella Cheese (K&auml;se), am St&uuml;ck</td>
<td>0.99 &euro;/125g</td>
<td>7.92 &euro;/kg</td>
<td>+74%</td>
</tr>
<tr>
<td>Limburger Cheese</td>
<td>2.19 &euro;/200g</td>
<td>10.95 &euro;/kg</td>
<td>+84%</td>
</tr>
<tr>
<td>Cheese (Ananas Frischk&auml;se-Ring)</td>
<td>1.59 &euro;/125g</td>
<td>12.72 &euro;/kg</td>
<td>+66%</td>
</tr>
<tr>
<td>Grillk&auml;se / Pfannenk&auml;se</td>
<td>1.79 &euro;/200g</td>
<td>8.95 &euro;/kg</td>
<td></td>
</tr>
<tr>
<td>Camembert</td>
<td>2.79 &euro; / 4 pieces</td>
<td>2.79 &euro; / 4 pieces</td>
<td>+40%</td>
</tr>
</tbody>
</table>
<h3 id="sweets-and-snacks">Sweets and Snacks</h3>
<table class="table">
<thead>
<tr>
<th>Item</th>
<th>Price in 2023</th>
<th>Base-price in 2023</th>
<th>Increase since 2019</th>
</tr>
</thead>
<tbody>
<tr>
<td>Doppelkekse</td>
<td>1.29 &euro;/500g - 1.59&euro;/500g</td>
<td>2.58 &euro;/kg</td>
<td>-</td>
</tr>
<tr>
<td>Leibniz Kekse</td>
<td>1.49 &euro;/200g</td>
<td>7.45 &euro;/kg</td>
<td>-</td>
</tr>
<tr>
<td>Eis Waffelh&ouml;rnchen</td>
<td>1.69 &euro;/6 pieces</td>
<td>0.28 &euro;/piece</td>
<td>-</td>
</tr>
<tr>
<td>Sandwich Eis</td>
<td>2.19 &euro;/6 pieces</td>
<td>0.37 &euro;/piece</td>
<td>-</td>
</tr>
<tr>
<td>Eis (Vanille / Erdbeer / Schokolade)</td>
<td>2.99 &euro;/2.5L</td>
<td>1.20 &euro;/L</td>
<td>-</td>
</tr>
<tr>
<td>Wassereis</td>
<td>1.39&euro;/500ml</td>
<td>2.78&euro;/L</td>
<td>-</td>
</tr>
<tr>
<td>Paradiescreme Mischung</td>
<td>0.59&euro;/pieces</td>
<td>0.59&euro;/pieces</td>
<td>-</td>
</tr>
<tr>
<td>Chips</td>
<td>1.49 &euro;/200g</td>
<td>7.45 &euro;/kg</td>
<td>?</td>
</tr>
<tr>
<td>Tortilla Chips</td>
<td>1.49 &euro;/300g</td>
<td>4.97 &euro;/kg</td>
<td>-</td>
</tr>
<tr>
<td>Backmischung (Muffins / Kuchen)</td>
<td>1.89 &euro;/package</td>
<td>1.89 &euro;/package</td>
<td>?</td>
</tr>
<tr>
<td>Doppelkeksrolle</td>
<td>1.29 &euro;/package</td>
<td>?</td>
<td>?</td>
</tr>
<tr>
<td>Fruchtgummis (vegan)</td>
<td>0.99 &euro;/package</td>
<td>?</td>
<td>?</td>
</tr>
<tr>
<td>Delicia Waffelmischungg</td>
<td>2.19 &euro;/400g</td>
<td>5.48 &euro;/kg</td>
<td>?</td>
</tr>
</tbody>
</table>
<h3 id="drinks">Drinks</h3>
<p>All prices are without "Pfand".</p>
<table class="table">
<thead>
<tr>
<th>Item</th>
<th>Price in 2023</th>
<th>Base-price in 2023</th>
<th>Increase since 2019</th>
</tr>
</thead>
<tbody>
<tr>
<td>Orangensaft</td>
<td>1.19 &euro;/1.5L</td>
<td>0.79 &euro;/L</td>
<td>-</td>
</tr>
<tr>
<td>Pfirsich-Marakuja Eistee</td>
<td>1.89 &euro;/2L</td>
<td>0.95 &euro;/L</td>
<td>-</td>
</tr>
<tr>
<td>Sirup (Erdbeer, Marakuja, Mango, Citrus, Himbeer)</td>
<td>1.69&euro; - 1.79&euro; per 3 L of drink</td>
<td>0.56&euro;/L - 0.60&euro;/L</td>
<td>-</td>
</tr>
</tbody>
</table>
<h2 id="medicine-and-food-supplements_1">Medicine and Food Supplements</h2>
<table class="table">
<thead>
<tr>
<th>Item</th>
<th>Price in 2023</th>
</tr>
</thead>
<tbody>
<tr>
<td>Protein Powder (vegan), 300g</td>
<td>6.95 &euro;</td>
</tr>
<tr>
<td>Vitamin C Tablet, 20 pieces</td>
<td>0.45 - 0.50 &euro;</td>
</tr>
<tr>
<td>Cough Sweets (Klosterfrau)</td>
<td>3.15 &euro;</td>
</tr>
<tr>
<td>Hustenstiller</td>
<td>4.45 &euro;/125ml</td>
</tr>
<tr>
<td>Rizinus&ouml;l</td>
<td>4.45 &euro;/100ml</td>
</tr>
<tr>
<td>Durchfalltabletten</td>
<td>6.95 &euro;/20 pieces</td>
</tr>
<tr>
<td>Wick Medinait 180ml</td>
<td>19.99 &euro;/180ml</td>
</tr>
<tr>
<td>Em Eukal Kinder Hustenbonbons</td>
<td>1.50&euro;/75g</td>
</tr>
<tr>
<td>Elmex Gelee 25g</td>
<td>13.98 &euro;/25g</td>
</tr>
<tr>
<td>Hylo-Fresh Augentropfen</td>
<td>10.95/10ml</td>
</tr>
</tbody>
</table>
<h2 id="household-items-consumables">Household Items - Consumables</h2>
<table class="table">
<thead>
<tr>
<th>Item</th>
<th>Price in 2023</th>
<th>Base-price in 2023</th>
<th>Increase since 2019</th>
</tr>
</thead>
<tbody>
<tr>
<td>Garbage Bags (M&uuml;llbeutel), 75 pieces &agrave; 10L</td>
<td>0.95 &euro;</td>
<td>1.27 &euro;/ 100 pieces</td>
<td></td>
</tr>
<tr>
<td>Garbage Bags (M&uuml;llbeutel), 30 pieces &agrave; 25L</td>
<td>0.85 &euro;</td>
<td>2.83 &euro;/ 100 pieces</td>
<td>-26% 🎉</td>
</tr>
<tr>
<td>Garbage Bags (M&uuml;llbeutel), 22 pieces &agrave; 35L</td>
<td>1.55 &euro;</td>
<td>7.05 &euro; / 100 pieces</td>
<td>-</td>
</tr>
<tr>
<td>Garbage Bags (M&uuml;llbeutel), 20 pieces &agrave;  50L</td>
<td>0.75 &euro;</td>
<td>3.75 &euro;/ 100 pieces</td>
<td></td>
</tr>
<tr>
<td>Backpapier (braun), 30 pieces &agrave; 38x42 cm</td>
<td>1.15 &euro;/ 30 pieces &agrave; 38x42 cm</td>
<td>3.84 &euro;/ 100 pieces</td>
<td>+25%</td>
</tr>
<tr>
<td>K&uuml;chent&uuml;cher, 2-Lagig</td>
<td>3.79&euro; / (8x 54 Blatt)</td>
<td>0.88 &euro;/100 Blatt</td>
<td>+19%</td>
</tr>
<tr>
<td>K&uuml;chent&uuml;cher, 3-Lagig</td>
<td>2.85&euro; / (4x 64 Batt)</td>
<td>1.11&euro;/100 Blatt</td>
<td>-</td>
</tr>
<tr>
<td>Always Binden</td>
<td>3.75&euro; for 18 pieces</td>
<td>2.08&euro; for 10 pieces</td>
<td>-</td>
</tr>
<tr>
<td>Sp&uuml;lb&uuml;rste</td>
<td>0.75 &euro; / piece</td>
<td>0.75 &euro; / piece</td>
<td>+9%</td>
</tr>
<tr>
<td>Sp&uuml;lmittel</td>
<td>0.95 &euro; / 500ml</td>
<td>1.90 &euro;/L</td>
<td>+10%</td>
</tr>
</tbody>
</table>
<h2 id="household-usage">Household - Usage</h2>
<table class="table">
<thead>
<tr>
<th>Name</th>
<th>2023</th>
</tr>
</thead>
<tbody>
<tr>
<td>Spannbettlaken (2m x 1m x 15cm, Jersey)</td>
<td>7.99 &euro;</td>
</tr>
<tr>
<td>Spannbettlaken (2m x 1m x 15cm, Feinbiber)</td>
<td>8.99 &euro;</td>
</tr>
</tbody>
</table>
<h2 id="apartment">Apartment</h2>
<p>For two people, you will need about 60m&sup2;. We had to move at the worst time and
pay a rent of 1600 &euro;/month (including heating and other service charges) for
a 66m&sup2; apartment with a 12m&sup2; balcony and a cellar. As half of the area of the
balcony is typically counted, we pay about 22.22 &euro;/m&sup2;. The center of Munich is
about 19km away.</p>
<h2 id="energy">Energy</h2>
<p>This depends heavily on the region and on the time of the year.</p>
<h3 id="electricity">Electricity</h3>
<p>My wife and me need a bit less than 1800 kWh/year.
In my region, the cheapest contract for 1800 kWh/year is:</p>
<ul>
<li>Base price: 124.80 &euro;/year</li>
<li>Energy price: 0.3367 &euro;/kWh</li>
</ul>
<p>That makes about 731 &euro;/year in total.</p>
<h3 id="heating">Heating</h3>
<table>
<tr>
<th>Energy Source</th>
<th>Energy amount per base unit</th>
<th>Price per base unit</th>
<th>Price per kWh Heat</th>
<th>Usage in Germany (2020)</th>
</tr>
<tr>
<td>Gas</td>
<td>-</td>
<td>-</td>
<td>0.12 EUR/kWh (<a href="https://www.ndr.de/ratgeber/verbraucher/Gaspreis-aktuell-wie-viel-kostet-Kilowattstunde,gaspreis142.html">source</a>)</td>
<td>49.5%</td>
</tr>
<tr>
<td>Oil</td>
<td>9.8 kWh/L</td>
<td>1.15 EUR/L (<a href="https://www.heizoel24.de/heizoelpreise/bayern">source</a>)</td>
<td>0.12 EUR/kWh</td>
<td>25.0%</td>
</tr>
<tr>
<td>District Heating</td>
<td>-</td>
<td>-</td>
<td></td>
<td>14.1%</td>
</tr>
<tr>
<td>Electricity</td>
<td>1 kWh (heat) /kWh (electricity)</td>
<td>-</td>
<td>0.34 &euro;/kWh</td>
<td>2.6%</td>
</tr>
<tr>
<td>Electric Heat Pump (COP=4.2)</td>
<td>4.2 kWh (heat) /kWh (electricity)</td>
<td>-</td>
<td>0.08 &euro;/kWh</td>
<td>2.6%</td>
</tr>
<tr>
<td>Wood pallets</td>
<td>4.8 kWh/kg</td>
<td>375 EUR/ 1000 kg (<a href="https://www.heizpellets24.de/">source</a>)</td>
<td>0.08 EUR/kWh</td>
<td>Less than 6%</td>
</tr>
</table>
<p>A typical German appartment needs about 150 kWh/(m&sup2; * a). If you have 80m&sup2; that
means you need 12,000 kWh in a year. Assuming 0.12 EUR/kWh that is
<strong>1440 EUR per year for heating</strong>.</p>
<h2 id="transportation_1">Transportation</h2>
<ul>
<li>Diesel: 1.768 EUR/L (<a href="https://www.clever-tanken.de/tankstelle_liste">source</a>). A VW Golf 7 uses about 5.6 L/100km. That makes 9.90 EUR/100km.</li>
<li>Super E10: 1.727 EUR/L (<a href="https://www.clever-tanken.de/tankstelle_liste">source</a>). A VW Golf 7 uses about 5.4 L/100km. That makes 9.33 EUR/100km.</li>
<li>Munich Monthly Ticket ("Isar Card Zone M"): 63.20 EUR. Assuming a daily commute of 40 km + 50km on a saturday, that makes about 1070 km per month. Meaning the ticket costs about 5.90 EUR/ 100 km</li>
<li>Bavarian Day Ticket: 27 EUR for one person + 9 EUR for each additional person. Assuming you travel about 150km with it, that makes 18 EUR/100km for one person and + 6 EUR / 100 km for every additional person.</li>
</ul>
<h2 id="internet">Internet</h2>
<p>If you are over 27 and if you make good use of portals to get good deals, the
best you can get with DSL connections (no volume limitations, average price per
month if you make a 2-year contract, assuming you have your own router) is:</p>
<ul>
<li>100 MBit/s downstream: 30.16 &euro;/month</li>
<li>250 MBit/s downstream: 37.07 &euro;/month</li>
<li>500 MBit/s downstream: 67.49 &euro;/month</li>
</ul>
<p>Faster connections are not available.
Prices for (TV) cable connections are cheaper, but I had several times bad
experience with their reliability.</p>
<h2 id="broadcasting-fees">Broadcasting Fees</h2>
<p>Although we don't use it, we have to pay broadcasting fees ("<a href="https://de.wikipedia.org/wiki/Rundfunkbeitrag">Rundfunkgeb&uuml;hren</a>").
Currently, that is 22.94 &euro;/month.</p>
<h2 id="subscriptions">Subscriptions</h2>
<p>We only use Netflix, but here is an overview:</p>
<p>Video Streaming:</p>
<ul>
<li>Netflix: 17.99 &euro;/month</li>
<li>Disney+: 8.99 &euro;/month</li>
<li>Amazon Prime: 8.99 &euro;/month</li>
</ul>
<p>Audio Streaming:</p>
<ul>
<li>Spotify: 9.99 &euro;/month</li>
<li>Amazon Music: 8.99 &euro;/month</li>
<li>Apple Music: 10.99 &euro;/month</li>
</ul>
<h2 id="activities">Activities</h2>
<ul>
<li>Restaurants:<ul>
<li>Cheap (McDonalds, Noodles, D&ouml;ner): -</li>
<li>Medium (Sushi, including 0.4L of softdrinks): 22&euro; per Person</li>
<li>Fancy: -</li>
</ul>
</li>
<li>Flight from MUC to PMI (non-stop, round trip, within June - August, 1 week, 1 carry-on bag, outbound departure after 10am): 254&euro; per Person</li>
</ul>
            
            <div id="disqus_thread" class="no-print"></div>
<script>
    /*
    var disqus_config = function () {
        this.page.url = PAGE_URL;  // Replace PAGE_URL with your page's canonical URL variable
        this.page.identifier = PAGE_IDENTIFIER; // Replace PAGE_IDENTIFIER with your page's unique identifier variable
    };
    */
    (function() {  // REQUIRED CONFIGURATION VARIABLE: EDIT THE SHORTNAME BELOW
        var d = document, s = d.createElement('script');

        s.src = '//martinthoma.disqus.com/embed.js';

        s.setAttribute('data-timestamp', +new Date());
        (d.head || d.body).appendChild(s);
    })();
</script>
<noscript>Please enable JavaScript to view the <a href="https://disqus.com/?ref_noscript" rel="nofollow">comments powered by Disqus.</a></noscript>

            <hr/>
        </div>
        <section>
        <div class="col-sm-2 col-md-2" style="float:right;font-size:0.9em;">
            <h4>Published</h4>
            <time pubdate="pubdate" datetime="2023-02-11T20:00:00+01:00">Feb 11, 2023</time>
            <br/>
            by <a rel="author" class="vcard author post-author" itemprop="author" href="../author/martin-thoma/"><span class="fn" itemscope="" itemtype="https://schema.org/Person"><span itemprop="name">Martin Thoma</span></span></a>
            <h4>Category</h4>
            <a class="category-link" href="../categories.html#my-bits-and-bytes-ref">My bits and bytes</a>
            <h4>Tags</h4>
            <ul class="list-of-tags tags-in-article">
                <li><a href="../tags.html#money-ref">Money
                    <span>11</span>
</a></li>
            </ul>
<h4>Contact</h4>
    <a href="https://twitter.com/_martinthoma" title="My Twitter Profile" class="sidebar-social-links" target="_blank">
    <i class="fa fa-twitter sidebar-social-links"></i></a>
    <a href="mailto:info@martin-thoma.de" title="My Email Address" class="sidebar-social-links" target="_blank">
    <i class="fa fa-envelope sidebar-social-links"></i></a>
    <a href="https://github.com/MartinThoma" title="My Github Profile" class="sidebar-social-links" target="_blank">
    <i class="fa fa-github sidebar-social-links"></i></a>
    <a href="http://stackoverflow.com/users/562769/martin-thoma" title="My Stackoverflow Profile" class="sidebar-social-links" target="_blank">
    <i class="fa fa-stackoverflow sidebar-social-links"></i></a>
        </div>
        </section>
</div>
</article>
                </div>
                <div class="col-sm-1 col-md-1"></div>
            </div>
        </div>
        <div id="push"></div>
    </div>
<footer class="no-print">
<div id="footer">
    <ul class="footer-content">
        <li class="elegant-subtitle"><span class="site-name">Martin Thoma</span> - A blog about Code, the Web and Cyberculture</li>
        <li><a href="https://martin-thoma.com/email-subscription">E-mail subscription</a></li>
        <li><a href="https://martin-thoma.com/feeds/index.xml">RSS-Feed</a></li>
        <li><a href="http://www.martin-thoma.de/privacy.htm">Privacy/Datenschutzerkl&auml;rung</a></li>
        <li><a href="http://www.martin-thoma.de/impressum.htm">Impressum</a></li>
        <li class="elegant-power">Powered by
            <a href="https://blog.getpelican.com/" title="Pelican Home Page" tabindex="-1">Pelican</a>.
            Theme: <a href="https://elegant.oncrashreboot.com" title="Theme Elegant Home Page" tabindex="-1">Elegant</a>
            by <a href="https://www.oncrashreboot.com/" title="Talha Mansoor Home Page" tabindex="-1">Talha Mansoor</a></li>
    </ul>
</div>
</footer>        <script src="//code.jquery.com/jquery.min.js"></script>
        <!-- Latest compiled and minified JavaScript -->
<script src="https://maxcdn.bootstrapcdn.com/bootstrap/3.3.7/js/bootstrap.min.js" integrity="sha384-Tc5IQib027qvyjSMfHjOMaLkfuWVxZxUPnCJA7l2mCWNIpG9mGCD8wGNIcPD7Txa" crossorigin="anonymous"></script>
        <script>
            function validateForm(query)
            {
                return (query.length > 0);
            }
        </script>
        <script>
(function(){
    'use strict';

    /*
    Create intra-page links
    Requires that your headings already have an `id` attribute set
    For every heading in your page, this adds a little anchor link `#` that you can click to get a permalink to the heading.
    Ignores `h1`, because you should only have one per page.
    The text content of the tag is used to generate the link, so it will fail "gracefully-ish" if you have duplicate heading text.

    Credit: https://gist.github.com/SimplGy/a229d25cdb19d7f21231
     */

    var headingNodes = [], results, link,
        tags = ['h2', 'h3', 'h4', 'h5', 'h6'];

    tags.forEach(function(tag){
        var contentTag = document.getElementById('contentAfterTitle');
      results = contentTag.getElementsByTagName(tag);
      Array.prototype.push.apply(headingNodes, results);
    });

    headingNodes.forEach(function(node){
      link = document.createElement('a');
      link.className = 'deepLink';
      link.textContent = ' ¶';
      link.href = '#' + node.getAttribute('id');
      node.appendChild(link);
    });

  })();
</script>
    </body>
    <!-- Theme: Elegant built for Pelican
    License : https://elegant.oncrashreboot.com -->
</html>